<?xml version = "1.0" encoding = "UTF-8"?><OAI-PMH xmlns="http://www.openarchives.org/OAI/2.0/" xmlns:xsi="http://www.w3.org/2001/XMLSchema-instance" xsi:schemaLocation="http://www.openarchives.org/OAI/2.0/ http://www.openarchives.org/OAI/2.0/OAI-PMH.xsd"><ListRecords><record><header><identifier>aleph-publish:014332507</identifier></header><metadata><record xmlns="http://www.ddb.de/professionell/mabxml/mabxml-1.xsd"><leader>00585nM2.01200024------h</leader><controlfield tag="LDR">00585nM2.01200024------h</controlfield><controlfield tag="FMT">MH</controlfield><datafield tag="001" ind1="-" ind2="1"><subfield code="a">HT014601018</subfield></datafield><datafield tag="002" ind1="b" ind2="1"><subfield code="a">20060109</subfield></datafield><datafield tag="003" ind1="-" ind2="1"><subfield code="a">20061030</subfield></datafield><datafield tag="020" ind1="a" ind2="1"><subfield code="a">013337566</subfield></datafield><datafield tag="025" ind1="o" ind2="1"><subfield code="a">266236565</subfield></datafield><controlfield tag="030">a|1dkz|z|||17</controlfield><datafield tag="036" ind1="a" ind2="1"><subfield code="a">GB</subfield></datafield><datafield tag="037" ind1="b" ind2="1"><subfield code="a">eng</subfield></datafield><controlfield tag="050">a|a|||||||||||</controlfield><controlfield tag="051">m||||||</controlfield><datafield tag="070" ind1="-" ind2="1"><subfield code="a">6</subfield></datafield><datafield tag="070" ind1="b" ind2="1"><subfield code="a">6</subfield></datafield><datafield tag="080" ind1="-" ind2="1"><subfield code="a">60</subfield></datafield><datafield tag="100" ind1="-" ind2="1"><subfield code="p">Nardi, Isabella</subfield></datafield><datafield tag="331" ind1="-" ind2="1"><subfield code="a">&lt;&lt;The&gt;&gt; theory of citrasutras in Indian painting</subfield></datafield><datafield tag="335" ind1="-" ind2="1"><subfield code="a">a critical re-evaluation of their uses and interpretations</subfield></datafield><datafield tag="359" ind1="-" ind2="1"><subfield code="a">Isabella Nardi</subfield></datafield><datafield tag="410" ind1="-" ind2="1"><subfield code="a">London [u.a.]</subfield></datafield><datafield tag="412" ind1="-" ind2="1"><subfield code="a">Routledge</subfield></datafield><datafield tag="425" ind1="a" ind2="1"><subfield code="a">2006</subfield></datafield><datafield tag="433" ind1="-" ind2="1"><subfield code="a">XVIII, 190 S. : zahlr. Ill., graph. Darst.</subfield></datafield><datafield tag="451" ind1="-" ind2="1"><subfield code="a">Royal Asiatic Society books</subfield></datafield><datafield tag="540" ind1="a" ind2="1"><subfield code="a">0-415-39195-4</subfield></datafield><datafield tag="540" ind1="a" ind2="1"><subfield code="a">978-0-415-39195-5</subfield></datafield><datafield tag="574" ind1="-" ind2="1"><subfield code="a">GBA596797</subfield></datafield><datafield tag="700" ind1="b" ind2="1"><subfield code="a">759.954</subfield><subfield code="c">22</subfield></datafield><datafield tag="740" ind1="t" ind2="1"><subfield code="a">Citrasutras</subfield></datafield><datafield tag="740" ind1="s" ind2="1"><subfield code="a">Painting, Indic</subfield></datafield><datafield tag="902" ind1="-" ind2="1"><subfield code="g">Indien</subfield><subfield code="9">(DE-588)4026722-2</subfield></datafield><datafield tag="902" ind1="-" ind2="1"><subfield code="s">Malerei</subfield><subfield code="9">(DE-588)4037220-0</subfield></datafield><datafield tag="902" ind1="-" ind2="1"><subfield code="s">Ästhetik</subfield><subfield code="9">(DE-588)4000626-8</subfield></datafield><datafield tag="903" ind1="-" ind2="1"><subfield code="a">231</subfield><subfield code="a">321</subfield></datafield><datafield tag="907" ind1="-" ind2="1"><subfield code="t">Purāṇas</subfield><subfield code="9">(DE-588)4047875-0</subfield></datafield><controlfield tag="SYS">014332507</controlfield><datafield tag="LOW" ind1="-" ind2="1"><subfield code="a">Q0001</subfield></datafield><datafield tag="952" ind1="-" ind2="1"><subfield code="g">Bharat</subfield></datafield><datafield tag="952" ind1="-" ind2="1"><subfield code="g">Indische Union</subfield></datafield><datafield tag="952" ind1="-" ind2="1"><subfield code="g">Altindien</subfield></datafield><datafield tag="952" ind1="-" ind2="1"><subfield code="g">Hindustan</subfield></datafield><datafield tag="952" ind1="-" ind2="1"><subfield code="g">Hindostan</subfield></datafield><datafield tag="952" ind1="-" ind2="1"><subfield code="g">Indien</subfield><subfield code="h">1947-</subfield></datafield><datafield tag="952" ind1="-" ind2="1"><subfield code="g">Indie</subfield></datafield><datafield tag="952" ind1="-" ind2="1"><subfield code="g">Indian Union</subfield></datafield><datafield tag="952" ind1="-" ind2="1"><subfield code="g">Bhārata Gaṇarājya</subfield></datafield><datafield tag="952" ind1="-" ind2="1"><subfield code="g">Bhārata</subfield></datafield><datafield tag="952" ind1="-" ind2="1"><subfield code="g">Indien</subfield><subfield code="h">Republik</subfield></datafield><datafield tag="952" ind1="-" ind2="1"><subfield code="g">Republik Indien</subfield></datafield><datafield tag="952" ind1="-" ind2="1"><subfield code="g">Indien</subfield><subfield code="h">Dominion</subfield></datafield><datafield tag="952" ind1="-" ind2="1"><subfield code="g">Dominion of India</subfield></datafield><datafield tag="952" ind1="-" ind2="1"><subfield code="g">India</subfield></datafield><datafield tag="952" ind1="-" ind2="1"><subfield code="g">Republic of India</subfield></datafield><datafield tag="952" ind1="-" ind2="1"><subfield code="g">Inde</subfield></datafield><datafield tag="952" ind1="-" ind2="1"><subfield code="g">Indië</subfield></datafield><datafield tag="952" ind1="-" ind2="1"><subfield code="g">Bharata</subfield></datafield><datafield tag="952" ind1="-" ind2="1"><subfield code="g">Indiia</subfield></datafield><datafield tag="952" ind1="-" ind2="1"><subfield code="g">Indland</subfield></datafield><datafield tag="952" ind1="-" ind2="1"><subfield code="g">Hindiston Respublikasi</subfield></datafield><datafield tag="952" ind1="-" ind2="1"><subfield code="g">Satharanarat &apos;India</subfield></datafield><datafield tag="952" ind1="-" ind2="1"><subfield code="g">Yin-tu</subfield></datafield><datafield tag="952" ind1="-" ind2="1"><subfield code="s">Holztafelmalerei</subfield></datafield><datafield tag="952" ind1="-" ind2="1"><subfield code="s">Tafelbild</subfield><subfield code="h">Malerei</subfield></datafield><datafield tag="952" ind1="-" ind2="1"><subfield code="s">Tafelmalerei</subfield></datafield><datafield tag="952" ind1="-" ind2="1"><subfield code="s">Künste</subfield><subfield code="x">Ästhetik</subfield></datafield><datafield tag="952" ind1="-" ind2="1"><subfield code="s">Künste</subfield><subfield code="x">Theorie</subfield></datafield><datafield tag="952" ind1="-" ind2="1"><subfield code="s">Kunstästhetik</subfield></datafield><datafield tag="952" ind1="-" ind2="1"><subfield code="s">Kunstphilosophie</subfield></datafield><datafield tag="952" ind1="-" ind2="1"><subfield code="s">Kunsttheorie</subfield></datafield><datafield tag="952" ind1="-" ind2="1"><subfield code="s">Philosophische Ästhetik</subfield></datafield><datafield tag="952" ind1="-" ind2="1"><subfield code="s">Kunstanschauung</subfield></datafield><datafield tag="952" ind1="-" ind2="1"><subfield code="s">Kunstauffassung</subfield></datafield><datafield tag="957" ind1="-" ind2="1"><subfield code="g">Indien</subfield><subfield code="x">Purāṇa</subfield></datafield><datafield tag="957" ind1="-" ind2="1"><subfield code="g">Sanskrit</subfield><subfield code="x">Purāṇa</subfield></datafield><datafield tag="088" ind1=" " ind2=" "><subfield code="a">5</subfield><subfield code="b">00000010</subfield><subfield code="c">2007/5873</subfield><subfield code="e">ILL Ausleihe</subfield></datafield><datafield tag="088" ind1=" " ind2=" "><subfield code="a">6</subfield><subfield code="c">3H 94295</subfield><subfield code="e">keine Angabe</subfield></datafield></record></metadata></record></ListRecords></OAI-PMH>